@Book{Dil00,
author = {Diller, A.},
title = {LaTeX wiersz po wierszu},
publisher = {Wydawnictwo Helion},
year = {2000},
address = {Gliwice},

langid = {polish},
}


@Manual{ARM06,
title = {Ada Reference Manual {ISO}/{IEC} 8652:200y({E}) {E}d. 3},
organization = {Ada Europe},
year = {2006}
}

@Article{BuDo03,
author = {Burns, A. and Dobbing, B.},
title = {The {R}avenscar {P}rofile for Real--Time and High Integrity Systems},
journal = {Cross{T}alk},
year = {2003},
volume = {16},
number = {11},
pages = {9--12}
}



@InProceedings{PeDa04,
author = {Peleska, J. and Große, D. and Haxthausen, A. E. and Drechsler, R.},
title = {Automated Verification for Train Control Systems},
booktitle = {Proc. of the 5th Symposium on Formal Methods for Automation and Safety in Railway and Automotive Systems (FORMS/FORMAT 2004)},
year = {2004},
pages = {252--265},
address = {Braunschweig, Germany},
month = {December}
}

@TechReport{BuDoVa03,
author = {Burns, A. and Dobbing, B. and Vardanega, T.},
title = {Guide for the Use of the Ada Ravenscar Profile in High Integrity Systems},
institution = {University of York},
year = {2003},
number = {YCS-2003-348}
}



@manual{Alvis2011,
	organization = {AGH University of Science and Technology},
	year = {2011},
	title = {{On Line Alvis Manual}},
	note = {\\\texttt{http://fm.ia.agh.edu.pl/alvis:manual}},
	author = {Szpyrka, M.},

	langid = {english},
}


@article{1,
	author = "{Worawit Phueakjeen, Nattha Jindapetch, Leang Kuburat, and Nikom Suvanvorn}",
	title = "{A Study of the Edge Detection for Road Lane} ({Department of Electrical Engineering and Department of Computer Engineering Faculty of Engineering, Prince of Songkla University.}).",
	journal = "ECTI-CON 2011",
	pages = "995--998",
	year = "2011",
}

@article{2,
	author = "{Salvatore Vitabile, Salvatore Bono, and Filippo Sorbello}",
	title = "{An Embedded Real-Time Lane-Keeper for Automatic Vehicle Driving} ({Università di Palermo
	Via del Vespro, 90127, Palermo, Italy}).",
	journal = "International Conference on Complex, Intelligent and Software Intensive Systems",
	pages = "279--285",
	year = "2008",
}

@article{3,
	author = "{Jaime Alarcón, Rubén Salvador}",
	title = "{A new Real-Time Hardware Architecture for Road Line Tracking Using a Particle Filter} ({Universidad Politécnica de Madrid (UPM) Ctra. de Valencia}).",
	journal = "IEEE",
	pages = "736--741",
	year = "2006",
}

@article{4,
	author = "{Roberto Marzotto, Paul Zoratti, Daniele Bagni, Andrea Colombari, Vittorio Murino}",
	title = "{A real-time versatile roadway path extraction and tracking on an FPGA platform}.",
	journal = "{Computer Vision and Image Understanding(elsevier)}",
	pages = "1164--1179",
	year = "2010",
}

@article{sobel,
	author = "{Peng Wang and John McAllister, Senior Member, IEEE}",
	title = "{Streaming Elements for FPGA Signal and Image Processing Accelerators}.",
	journal = "{IEEE}",
	pages = "2262--2274",
	year = "2016",
}

@article{otsu,
	author = "{Mengxing Huang, Wenjiao Yu, Donghai Zhu}",
	title = "{An Improved Image Segmentation Algorithm Based on the Otsu Method}(Kyoto, Japan).",
	journal = "{IEEE}",
	pages = "1122--1134",
	year = "2012",
}

@article{hough,
	author = "{Zheping Yan, Gengshi Zhang , Jian Xu, Tao Chen, Xue Du, and Juan Li}",
	title = "{Clustering Statistic Hough Transform Based Estimation Method for Motion Elements of Multiple Underwater Targets}(College of Automation, Harbin Engineering University, Harbin 150001, China).",
	journal = "{IEEE}",
	pages = "23747--23766",
	year = "2018",
}

@article{histogram,
	author = "{Simon Wegener, Thomas Ballenthin, Boris Dreyer and Christian Hochberger}",
	title = "{Iterative Histogram-based Performance Analysis
	of Embedded Systems}(HBM GmbH, AbsInt Angewandte Informatik GmbH, Computer Systems Group Darmstadt).",
	journal = "{IEEE Embedded}",
	pages = "1108--1112",
	year = "2018",
}
@article{cany,
	author = "{P.M. Daigavane, P.R. Bajaj}",
	title = "{Road Lane Detection with Improved Canny Edges Using Ant Colony Optimization}.",
	journal = "{2010 3rd International Conference on Emerging Trends in Engineering and Technology}",
	pages = "602--612",
	year = "2010",
}

@manual{bimodal_image,
	author = "{https://www.statystyczny.pl/wykres-skrzypcowy/histogram-bimodalny/}"
}

@article{nobuyuki,
	author = "{Nobuyuki Otsu}",
	title = "{A threshold selection method from gray-level histograms}.",
	journal = "{IEEE Trans. Sys., Man., Cyber.}",
	pages = "62–66",
	year = "1979",
}

@article{zybo_description,
	author = "{Tomasz Kryjak, Mateusz Komorkiewicz}",
	title = "{Systemy Rekonfigurowalne skrypt do ćwiczeń laboratoryjnych}.",
	journal = "{Published by AGH}",
	pages = "10–12",
	year = "2014",
}

@manual{rpi3b,
	author = "{https://www.pi-shop.ch/raspberry-pi-3}"
}

@manual{rpi3b2,
	Author = "{https://botland.com.pl/pl/moduly-i-zestawy-raspberry-pi-3/5630-raspberry-pi-3-b-wifi-z-karta-pamieci-16gb-klasa-10-system-5903351240079.html}"
}

@manual{cam_data,
	author = "{https://botland.com.pl/pl/kamery-dla-raspberry-pi/6124-raspberry-pi-camera-hd-v2-8mpx-oryginalna-kamera-dla-raspberry-pi-6405227108814.html}"
}


@manual{zybo_img,
	author = "{https://store.digilentinc.com/zybo-zynq-7000-arm-fpga-soc-trainer-board/}"
}

@manual{cam_img,
	author = "{https://www.raspberrypi.org/magpi/pi-camera-2/}"
}

@manual{pbank_data,
	author = "{https://botland.com.pl/pl/mobilne-baterie-powerbank/5146-mobilna-bateria-powerbank-esperanza-kinetic-emp108k-8400mah.html}"
}

@article{pbank_img,
	author = "{https://www.morele.net/powerbank-esperanza-8400mah-emp108k-831300/}"
}

@manual{podwozie_data,
	author = "{https://botland.com.pl/pl/podwozia-robotow/9216-feetech-ft-mc-004-kit-4wd-4-kolowe-podwozie-robota-aluminium-serwa-fm90.html}"
}

@manual{podwozie_img,
	author = "{https://botland.com.pl/pl/podwozia-robotow/9216-feetech-ft-mc-004-kit-4wd-4-kolowe-podwozie-robota-aluminium-serwa-fm90.html}"
}

@manual{ster_img,
	author = "{https://abc-rc.pl/serwo-feetech-fm90-bez-kontrolera}"
}

@manual{baterie_data,
	author = "{https://botland.com.pl/pl/akumulatory-ni-mh/6742-akumulator-esperanza-eza102w-r3-aaa-ni-mh-1000mah-4szt-5901299922514.html}"
}

@manual{baterie_img,
	author = "{https://botland.com.pl/pl/akumulatory-ni-mh/10850-akumulator-panasonic-eneloop-r3-aaa-ni-mh-800mah-4szt-5410853052685.html}"
}

@manual{silnik_img,
	author = "{http://www.4dron.pl/serwa-analogowe/6439-serwo-feetech-fm90-micro-13kg-48v-motor-without-controler.html}"
}

@manual{roborace,
	author = "{https://spidersweb.pl/autoblog/roborace-wyscigi-samochodow-autonomicznych/}"
}

@manual{ASIC_zynq,
	author = "{https://numato.com/blog/differences-between-fpga-and-asics/}"
}

@manual{xilinx,
	author = "{https://www.xilinx.com/products/silicon-devices/soc/xa-zynq-7000.html}"
}

@manual{armCortex,
	author = "{https://developer.arm.com/products/processors/cortex-a/cortex-a9}"
}

@manual{hough_rotheta,
	author = "{https://www.slideshare.net/mrunal-selokar/edge-detection-using-hough-transform}"
}

@manual{youtube_mat,
	author = "{https://youtu.be/ElzlmFMwMnw}"
}


@article{vanishing_point,
	author = "{Cheng Xu, Chao Mi, Chao Chen, Zhibang Yang}",
	title = "{Road Detection Based on Vanishing Point Location }.",
	journal = "{Embedded System and Network Laboratory, 
	College of Information Science and Engineering, Hunan University}",
	pages = "137–145",
	year = "2010",
}

@article{spatiotemp,
	author = "{Soonhong Jung, Junsic Youn, Sanghoon Sull}",
	title = "{Efficient Lane Detection Based On Spatiotemporal Images }.",
	journal = "{IEEE transactions on intelligent transportation systems}",
	pages = "289-295",
	year = "2016",
}

@article{hdmap,
	author = "{Yichao Cai, Dachuan Li, Xiao Zhou, Xingang Mou}",
	title = "{Robust Drivable Road Region Detection for
	Fixed-Route Autonomous Vehicles Using
	Map-Fusion Images}.",
	journal = "{MDPI Sensors}",
	pages = "1-15",
	year = "2018",
}

@InProceedings{reichenbach_comparison,
	author={Reichenbach, Marc and Liebischer, Lukas and Vaas, Steffen and Fey, Dietmar},	title={Comparison of lane detection algorithms for adas using embedded hardware architectures},
	booktitle={2018 Conference on Design and Architectures for Signal and Image Processing (DASIP)},
	pages={48--53},
	year={2018},
	organization={IEEE}
}

@article{Geiger2013IJRR,
	author = {Andreas Geiger and Philip Lenz and Christoph Stiller and Raquel Urtasun},
	title = {Vision meets Robotics: The KITTI Dataset},
	journal = {International Journal of Robotics Research (IJRR)},
	year = {2013}
}
@ARTICLE{Geiger2013IJRR,
	author = {Andreas Geiger and Philip Lenz and Christoph Stiller and Raquel Urtasun},
	title = {Vision meets Robotics: The KITTI Dataset},
	journal = {International Journal of Robotics Research (IJRR)},
	year = {2013}
}